@article{trifonova,
    title = {Software engineering issues in interactive installation art},
    author = {Trifonova, Anna and Jaccheri, Letizia and Bergaust, Kristin},
    journal = {International Journal of Arts and Technology},
    volume = {1},
    number = {1},
    pages = {43--65},
    year = {2008}
}

@inproceedings{solina200215,
    title = {15 seconds of fame-an interactive, computer---vision based art installation},
    author = {Solina, Franc and Peer, Peter and Batagelj, Borut and Juvan, Samo},
    booktitle = {Proc. 7th International Conference on Control, Automation, Robotics and Vision},
    volume = {1},
    pages = {198--204},
    year = {2002},
    organization = {IEEE}
}

@article{leonardo,
    title = {15 seconds of fame},
    author = {Solina, Franc},
    journal = {Leonardo},
    volume = {37},
    number = {2},
    pages = {105--110},
    year = {2004},
    publisher = {MIT Press}
}

@incollection{poglavje_springer,
    title = {Art---A Perfect Testbed for Computer Vision Related Research},
    author = {Peer, Peter and Batagelj, Borut},
    booktitle = {Recent Advances in Multimedia Signal Processing and Communications},
    pages = {611--629},
    year = {2009},
    publisher = {Springer}
}

@article{miller1,
    author = {Paul Miller},
    year = {1998},
    title = {The Engineer as Catalyst: {B}illy {K}l\"{u}ver on Working with Artists},
    journal = {IEEE Spectrum},
    volume = {35},
    number = {7},
    pages = {20--29}
}

@article{miller2,
    author = {Paul Miller},
    year = {1998},
    title = {Technology for art's sake},
    journal = {IEEE Spectrum},
    volume = {35},
    number = {7},
    pages = {30--37}
}

@book{ZKM,
    editor = {Bernhard Serexhe},
    title = {Preservation of Digital Art: Theory in Praxis},
    publisher = {AMBRA $|$ V and ZKM $|$ Center for Art and Media},
    address = {Karlsruhe},
    year = {2013}
}

@book{wilson2002information,
    title = {Information arts: intersections of art, science, and technology},
    author = {Wilson, Stephen},
    year = {2002},
    publisher = {The MIT Press}
}

@book{wilson2010art+,
    title = {Art+science now},
    author = {Wilson, Stephen},
    year = {2010},
    publisher = {Thames \& Hudson}
}

@inproceedings{nitifa'01,
    title = {New information technologies in fine arts},
    author = {Dragan, Sre\v{c}o and Solina, Franc},
    booktitle = {Proc. Conf. New Information Technologies in Fine Arts, Fourth Int. Multi-Conf. Information Society--IS},
    pages = {441--444},
    year = {2001}
}

@proceedings{IS2001,
    editor = {Franc Solina and Sre\v{c}o Dragan},
    title = {Nove informacijske tehnologije v likovni umetnosti, Informacijska dru\v zba IS'2001},
    publisher = {In\v stitut Jo\v zef Stefan},
    address = {Ljubljana},
    year = {2001},
    month = {23. oktober}
}

@article{strehovec,
    title = {Cybernetic art (Interactivity, game and holistic immersion)},
    author = {Strehovec, Janez},
    journal = {Art Words},
    pages = {39--40},
    year = {1997}
}

@book{strehovec1998,
    author = {Janez Strehovec},
    title = {Tehnokultura, kultura tehna: filozofska vpra\v{s}anja novomedijskih tehnologij in kibernetske umetnosti},
    publisher = {\v{S}tudentska zalo\v{z}ba},
    address = {Ljubljana},
    year = {1998}
}

@article{strehovec2008,
    title = {New media art as research: art-making beyond the authonomy of art and aesthetics},
    author = {Janez Strehovec},
    journal = {Technoetic arts},
    volume = {6},
    number = {3},
    pages = {233--250},
    year = {2008}
}

@article{strehovec2004,
    title = {Nove funkcije in umestitve novomedijske umetnosti},
    author = {Janez Strehovec},
    journal = {Likovne besede},
    number = {1/2},
    pages = {23--28},
    year = {2004}
}

@book{strehovec2003,
    title = {Umetnost interneta: umetni\v{s}ko delo in besedilo v \v{c}asu medmre\v{z}ja},
    author = {Janez Strehovec},
    year = {2003},
    address = {Ljubljana},
    series = {Knji\v{z}na zbirka Koda},
    publisher = {\v{S}tudentska zalo\v{z}ba}
}

@book{strehovec1994,
    title = {Virtualni svetovi: k estetiki kiberneti\v{c}ne umetnosti},
    author = {Janez Strehovec},
    year = {1994},
    address = {Ljubljana},
    series = {Zbirka Sophia},
    publisher = {Znanstveno in publicisti\v{c}no sredi\v{s}\v{c}e}
}

@article{JNCA98,
    title = {User interface for video observation over the {I}nternet},
    author = {Prihavec, Bor and Solina, Franc},
    journal = {Journal of Network and Computer Applications},
    volume = {21},
    number = {4},
    pages = {219--237},
    year = {1998},
    publisher = {Academic Press}
}

@article{Informatica2000,
    title = {Internet based art installations},
    author = {Solina, Franc},
    journal = {Informatica(Ljubljana)},
    volume = {24},
    number = {4},
    pages = {459--466},
    year = {2000}
}

@incollection{poglavje_springer,
    title = {Art---A Perfect Testbed for Computer Vision Related Research},
    author = {Peer, Peter and Batagelj, Borut},
    booktitle = {Recent Advances in Multimedia Signal Processing and Communications},
    pages = {611--629},
    year = {2009},
    publisher = {Springer}
}

@book{katalog_solina,
    title = {15 sekund slave in virtualno smu\v canje / 15 Seconds of Fame and Virtual Skiing. Exhibition Catalogue},
    author = {Franc Solina},
    year = {2005},
    publisher = {ArtNetLab},
    address = {Ljubljana}
}

@article{firstdecade,
    author = {Dietrich, Frank},
    title = {Visual Intelligence: the First Decade of Computer Art (1965--1975)},
    journal = {Leonardo},
    volume = {19},
    number = {2},
    year = {1986},
    pages = {159--169}
}

@incollection{xx08b,
    title = {``{A}tlas 2012'' Augmented Reality: A Case Study in the Domain of Fine Arts},
    author = {Bovcon, Narvika and Vaupoti{\v{c}}, Ale{\v{s}} and Klemenc, Bojan and Solina, Franc},
    booktitle = {Human Factors in Computing and Informatics},
    pages = {477--496},
    year = {2013},
    publisher = {Springer},
    series = {Lecture Notes in Computer Science}
}

@inproceedings{kovac2003human,
    title = {Human skin color clustering for face detection},
    author = {Kova\v{c}, Jure and Peer, Peter and Solina, Franc},
    booktitle = {EUROCON 2003. Computer as a Tool},
    volume = {2},
    pages = {144--148},
    year = {2003},
    organization = {IEEE Region 8}
}

@inproceedings{telegarden,
    title = {The telegarden},
    author = {Goldberg, Ken and Santarromana, Joseph and Bekey, George and Gentner, Steven and Morris, Rosemary and Wiegley, Jeff and Berger, Erich},
    booktitle = {Proc. of ACM SIGGRAPH},
    pages = {135--1140},
    year = {1995}
}

@inproceedings{skiing,
    title = {Virtual skiing as an art installation},
    author = {Solina, Franc and Batagelj, Borut and Glamo\v{c}anin, Slavko},
    booktitle = {Proceedings 50th International Symposium ELMAR--2008},
    volume = {2},
    pages = {507--510},
    year = {2008},
    publisher = {IEEE},
    address = {Zadar}
}

@inproceedings{elmar1,
    booktitle = {Proceedings 50th International Symposium ELMAR--2008},
    month = {September},
    title = {Computer vision in contemporary art: introduction to the special session},
    author = {Peter Peer and Borut Batagelj},
    year = {2008},
    pages = {471--474},
    publisher = {IEEE},
    address = {Zadar}
}

@book{benjamin,
    author = {Walter Benjamin},
    title = {Das {K}unstwerk im {Z}eitalter seiner technischen {R}eproduzierbarkeit, {G}esammelte {S}chriften, {B}and I, {T}eil 2},
    publisher = {Suhrkamp},
    address = {Frankfurt am Main},
    pages = {471--508},
    year = {1980}
}

@book{groys2014new,
    title = {On the New},
    author = {Groys, Boris},
    year = {2014},
    publisher = {Verso}
}

@book{lieser2010world,
    title = {The World of Digital Art},
    author = {Lieser, Wolf},
    year = {2010},
    publisher = {h.f. Ullmann}
}

@book{AW,
    title = {Simpson's contemporary quotations: The most notable quotes from 1950 to the present},
    author = {Simpson, James Beasley},
    year = {1997},
    publisher = {HarperCollins Publishers}
}

@inproceedings{mirage03,
    title = {Color-based face detection in the ``15 seconds of fame'' art installation},
    author = {Franc Solina and Borut Batagelj and Samo Juvan and Jure Kova\v{c}i\v{c}},
    booktitle = {Proceedings of Mirage 2003},
    address = {NRIA Rocquencourt, France},
    year = {2003},
    pages = {38--47}
}

@article{viola2004robust,
    title = {Robust real-time face detection},
    author = {Viola, Paul and Jones, Michael J},
    journal = {International journal of computer vision},
    volume = {57},
    number = {2},
    pages = {137--154},
    year = {2004},
    publisher = {Springer}
}

@incollection{bovcon2013atlas,
    title = {``{A}tlas 2012'' Augmented Reality: A Case Study in the Domain of Fine Arts},
    author = {Bovcon, Narvika and Vaupoti{\v{c}}, Ale{\v{s}} and Klemenc, Bojan and Solina, Franc},
    booktitle = {Human Factors in Computing and Informatics},
    pages = {477--496},
    year = {2013},
    publisher = {Springer LNCS}
}

@incollection{narcissism,
    author = {Ursula Frohne},
    title = {Media Narcissism, Theatricality, and the Internalized Observer},
    booktitle = {CTRL [Space]: Rhetorics of Surveillance from Bentham to Big Brother},
    year = {2002},
    publisher = {MIT Press},
    address = {Cambridge, USA},
    editor= {Thomas Y. Levin and Ursula Frohne and Peter Weibel},
    pages = {253--277}
}

@book{ctrl,
    title = {CTRL [Space]: Rhetorics of Surveillance from Bentham to Big Brother},
    year = {2002},
    publisher = {MIT Press},
    address = {Cambridge, USA},
    author = {Thomas Y. Levin and Ursula Frohne and Peter Weibel}
}

@book{solina200515,
    title = {15 sekund slave/15 seconds of fame Exhibition Catalogue},
    author = {Solina, Franc},
    year = {2005},
    publisher = {ArtNetLab},
    address = {Ljubljana}
}

@inproceedings{kovac2003illumination,
    title = {Illumination independent color-based face detection},
    author = {Kova\v{c}, Jure and Peer, Peter and Solina, Franc},
    booktitle = {Proceedings of the 3rd International Symposium on Image and Signal Processing and Analysis (ISPA 2003)},
    volume = {1},
    pages = {510--515},
    year = {2003},
    organization = {IEEE}
}



@book{vzdrzevanjeProgramskeOpreme,
    author = {Franc Solina},
    title = {Projektno vodenje razvoja programske opreme},
    year = {1997},
    pages = {191--198}
}

@book{digitalartconservation,
    editor = {Bernhard Serexhe},
    title = {Theory and Practice in the Conservation of Digital Art},
    year = {2012},
    publisher = {Ambra},
    address = {Vienna}
}

@mastersThesis{thesisSamoJuvan,
    author = {Samo Juvan},
    title = {Predelava fotografij z barvnimi filtri v slogu pop-art},
    school = {Fakulteta za ra\v{c}unalni\v{s}tvo in informatiko, Univerza v Ljubljani},
    year = {2002}
}

@mastersThesis{thesisSasoStulac,
    author = {\v{S}tulac, Sa\v{s}o},
    title = {Samodejna gradnja mozaika},
    school = {Fakulteta za ra\v{c}unalni\v{s}tvo in informatiko, Univerza v Ljubljani},
    year = {2008}
}

@article{andyExhibition,
    author = {Andy Warhol},
    title = {Andy {W}arhol, {E}xhibition catalogue},
    journal = {Moderna Museet, Stockholm},
    year = {1968}
}

@article{andyExhibitionMonroe,
    author = {Andy Warhol},
    title = {Marilyn {Monroe}},
    journal = {Collection of The Andy Warhol Museum, Pittsburgh},
    year = {1967}
}

@article{preservationComputerBasedArt,
    author = {Solina, Franc and Majcen, Gregor and Bovcon, Narvika and Batagelj, Borut},
    title = {Preservation of a Computer-Based Art Installation},
    year = {2014},
    journal = {EuroMed 2014},
    pages = {643--650}
}

@article{nevenFaceRecognition,
    author = {P. Jonathon Phillips and W. Todd Scruggs and Alice J. O’Toole and Kevin W. Bowyer and Patrick J. Flynn and Cathy L. Schott and Matthew Sharpe},
    year = {2010},
    title = {FRVT 2006 and ICE 2006 Large-Scale Experimental Results},
    journal = {Pattern Analysis and Machine Intelligence, IEEE Transactions on},
    volume = {32},
    number = {5},
    pages = {831--846}
}



@misc{wiki:GIMP,
    author = {Wikipedia},
    title = {{G}{I}{M}{P} --- {W}ikipedia{,} The Free Encyclopedia},
    year = {2015},
    url = {https://en.wikipedia.org/wiki/GIMP},
    note = {[zadnji obisk 26.04.2015]}
}

@misc{wiki:AndyWarhol,
    author = {Wikipedia},
    title = {Andy {W}arhol --- {W}ikipedia{,} The Free Encyclopedia},
    year = {2015},
    url = {https://en.wikipedia.org/wiki/Andy_Warhol},
    note = {[zadnji obisk 26.04.2015]}
}

@misc{wiki:Android,
    author = {Wikipedia},
    title = {Android --- {W}ikipedia{,} The Free Encyclopedia},
    year = {2015},
    url = {https://en.wikipedia.org/wiki/Android_(operating_system)},
    note = {[zadnji obisk 26.04.2015]}
}

@misc{wiki:SnapChat,
    author = {Wikipedia},
    title = {Snapchat --- {W}ikipedia{,} The Free Encyclopedia},
    year = {2015},
    url = {https://en.wikipedia.org/wiki/Snapchat},
    note = {[zadnji obisk 26.04.2015]}
}
