@article{15secLeonardo,
    author = {Franc Solina},
    year = {2004},
    title = {15 seconds of fame},
    journal = {Leonardo},
    volume = {37},
    number = {2},
    pages = {105--110},
}

@article{trifonova,
    author = {Anna Trifonova, Letizia Jaccheri, Kristin Bergaust},
    year = {2008},
    title = {Software engineering issues in interactive installation art},
    journal = {Int. J. Arts and Technology},
    volume = {1},
    number = {1},
    pages = {43--65}
}

@article{miller1,
    author = {Robert Miller},
    year = {1998},
    title = {The Engineer as Catalyst: Billy Kl√ºver on Working with Artists},
    journal = {IEEE Spectrum},
    volume = {35},
    number = {7},
    pages = {20--29}
}

@article{miller2,
    author = {Paul Miller},
    year = {1998},
    title = {Technology for art's sake},
    journal = {IEEE Spectrum},
    volume = {35},
    number = {7},
    pages = {30--37}
}

@inbook{vzdrzevanjeProgramskeOpreme,
    author = {Franc Solina},
    title = {Projektno vodenje razvoja programske opreme},
    year = {1997},
    pages = {191--198}
}

@book{digitalartconservation,
    editor = {Bernhard Serexhe},
    title = {Theory and Practice in the Conservation of Digital Art},
    year = {2012},
    publisher = {Ambra},
    address = {Vienna}
}
